%YAML 1.1
%TAG !u! tag:unity3d.com,2011:
--- !u!1 &7619979175698216203
GameObject:
  m_ObjectHideFlags: 0
  m_CorrespondingSourceObject: {fileID: 0}
  m_PrefabInstance: {fileID: 0}
  m_PrefabAsset: {fileID: 0}
  serializedVersion: 6
  m_Component:
  - component: {fileID: 7619979175698216196}
  - component: {fileID: 7619979175698216197}
  - component: {fileID: 6253175912756256160}
  - component: {fileID: -1940445454287468014}
  m_Layer: 0
  m_Name: BlueRicky
  m_TagString: BlockParent
  m_Icon: {fileID: 0}
  m_NavMeshLayer: 0
  m_StaticEditorFlags: 0
  m_IsActive: 1
--- !u!4 &7619979175698216196
Transform:
  m_ObjectHideFlags: 0
  m_CorrespondingSourceObject: {fileID: 0}
  m_PrefabInstance: {fileID: 0}
  m_PrefabAsset: {fileID: 0}
  m_GameObject: {fileID: 7619979175698216203}
  m_LocalRotation: {x: 0, y: 0, z: 0, w: 1}
  m_LocalPosition: {x: 0, y: 0, z: 0}
  m_LocalScale: {x: 1, y: 1, z: 1}
  m_Children:
  - {fileID: 7619979176113255818}
  m_Father: {fileID: 0}
  m_RootOrder: 0
  m_LocalEulerAnglesHint: {x: 0, y: 0, z: 0}
--- !u!114 &7619979175698216197
MonoBehaviour:
  m_ObjectHideFlags: 0
  m_CorrespondingSourceObject: {fileID: 0}
  m_PrefabInstance: {fileID: 0}
  m_PrefabAsset: {fileID: 0}
  m_GameObject: {fileID: 7619979175698216203}
  m_Enabled: 1
  m_EditorHideFlags: 0
  m_Script: {fileID: 11500000, guid: 82d828b27065d4a35a1b115bfa3d6dbe, type: 3}
  m_Name: 
  m_EditorClassIdentifier: 
  rotateAxis: {fileID: 7619979176113255818}
  childBlocks:
  - {fileID: 4304962297795541193}
  - {fileID: 4304962298990883607}
  - {fileID: 4304962298323387677}
  - {fileID: 4304962297284131351}
  isSelect: 0
--- !u!54 &6253175912756256160
Rigidbody:
  m_ObjectHideFlags: 0
  m_CorrespondingSourceObject: {fileID: 0}
  m_PrefabInstance: {fileID: 0}
  m_PrefabAsset: {fileID: 0}
  m_GameObject: {fileID: 7619979175698216203}
  serializedVersion: 2
  m_Mass: 2
  m_Drag: 0
  m_AngularDrag: 0.05
  m_UseGravity: 0
  m_IsKinematic: 0
  m_Interpolate: 0
  m_Constraints: 122
  m_CollisionDetection: 0
--- !u!114 &-1940445454287468014
MonoBehaviour:
  m_ObjectHideFlags: 0
  m_CorrespondingSourceObject: {fileID: 0}
  m_PrefabInstance: {fileID: 0}
  m_PrefabAsset: {fileID: 0}
  m_GameObject: {fileID: 7619979175698216203}
  m_Enabled: 1
  m_EditorHideFlags: 0
  m_Script: {fileID: 11500000, guid: e419a57fbc7084e94aa5608c9b8dfe54, type: 3}
  m_Name: 
  m_EditorClassIdentifier: 
--- !u!1 &7619979176113255817
GameObject:
  m_ObjectHideFlags: 0
  m_CorrespondingSourceObject: {fileID: 0}
  m_PrefabInstance: {fileID: 0}
  m_PrefabAsset: {fileID: 0}
  serializedVersion: 6
  m_Component:
  - component: {fileID: 7619979176113255818}
  m_Layer: 0
  m_Name: RotateAxis
  m_TagString: Untagged
  m_Icon: {fileID: 0}
  m_NavMeshLayer: 0
  m_StaticEditorFlags: 0
  m_IsActive: 1
--- !u!4 &7619979176113255818
Transform:
  m_ObjectHideFlags: 0
  m_CorrespondingSourceObject: {fileID: 0}
  m_PrefabInstance: {fileID: 0}
  m_PrefabAsset: {fileID: 0}
  m_GameObject: {fileID: 7619979176113255817}
  m_LocalRotation: {x: 0, y: 0, z: 0, w: 1}
  m_LocalPosition: {x: 0, y: 0, z: 0}
  m_LocalScale: {x: 1, y: 1, z: 1}
  m_Children:
  - {fileID: 4304962297795541193}
  - {fileID: 4304962298990883607}
  - {fileID: 4304962298323387677}
  - {fileID: 4304962297284131351}
  m_Father: {fileID: 7619979175698216196}
  m_RootOrder: 0
  m_LocalEulerAnglesHint: {x: 0, y: 0, z: 0}
--- !u!1001 &7619979175297125608
PrefabInstance:
  m_ObjectHideFlags: 0
  serializedVersion: 2
  m_Modification:
    m_TransformParent: {fileID: 7619979176113255818}
    m_Modifications:
    - target: {fileID: 5909240403221313277, guid: 85d72ffa251464070884b870d8cc4e6f, type: 3}
      propertyPath: m_Materials.Array.data[0]
      value: 
      objectReference: {fileID: 2100000, guid: 1fee29e4f8f574695a9309d36f8e1568, type: 2}
    - target: {fileID: 5909240403221313278, guid: 85d72ffa251464070884b870d8cc4e6f, type: 3}
      propertyPath: m_Name
      value: Cube (3)
      objectReference: {fileID: 0}
    - target: {fileID: 5909240403221313279, guid: 85d72ffa251464070884b870d8cc4e6f, type: 3}
      propertyPath: m_RootOrder
      value: 3
      objectReference: {fileID: 0}
    - target: {fileID: 5909240403221313279, guid: 85d72ffa251464070884b870d8cc4e6f, type: 3}
      propertyPath: m_LocalPosition.x
      value: 0.5
      objectReference: {fileID: 0}
    - target: {fileID: 5909240403221313279, guid: 85d72ffa251464070884b870d8cc4e6f, type: 3}
      propertyPath: m_LocalPosition.y
      value: -0.5
      objectReference: {fileID: 0}
    - target: {fileID: 5909240403221313279, guid: 85d72ffa251464070884b870d8cc4e6f, type: 3}
      propertyPath: m_LocalPosition.z
      value: 0
      objectReference: {fileID: 0}
    - target: {fileID: 5909240403221313279, guid: 85d72ffa251464070884b870d8cc4e6f, type: 3}
      propertyPath: m_LocalRotation.w
      value: 1
      objectReference: {fileID: 0}
    - target: {fileID: 5909240403221313279, guid: 85d72ffa251464070884b870d8cc4e6f, type: 3}
      propertyPath: m_LocalRotation.x
      value: -0
      objectReference: {fileID: 0}
    - target: {fileID: 5909240403221313279, guid: 85d72ffa251464070884b870d8cc4e6f, type: 3}
      propertyPath: m_LocalRotation.y
      value: -0
      objectReference: {fileID: 0}
    - target: {fileID: 5909240403221313279, guid: 85d72ffa251464070884b870d8cc4e6f, type: 3}
      propertyPath: m_LocalRotation.z
      value: -0
      objectReference: {fileID: 0}
    - target: {fileID: 5909240403221313279, guid: 85d72ffa251464070884b870d8cc4e6f, type: 3}
      propertyPath: m_LocalEulerAnglesHint.x
      value: 0
      objectReference: {fileID: 0}
    - target: {fileID: 5909240403221313279, guid: 85d72ffa251464070884b870d8cc4e6f, type: 3}
      propertyPath: m_LocalEulerAnglesHint.y
      value: 0
      objectReference: {fileID: 0}
    - target: {fileID: 5909240403221313279, guid: 85d72ffa251464070884b870d8cc4e6f, type: 3}
      propertyPath: m_LocalEulerAnglesHint.z
      value: 0
      objectReference: {fileID: 0}
    m_RemovedComponents: []
  m_SourcePrefab: {fileID: 100100000, guid: 85d72ffa251464070884b870d8cc4e6f, type: 3}
--- !u!4 &4304962297284131351 stripped
Transform:
  m_CorrespondingSourceObject: {fileID: 5909240403221313279, guid: 85d72ffa251464070884b870d8cc4e6f, type: 3}
  m_PrefabInstance: {fileID: 7619979175297125608}
  m_PrefabAsset: {fileID: 0}
--- !u!1001 &7619979175875120694
PrefabInstance:
  m_ObjectHideFlags: 0
  serializedVersion: 2
  m_Modification:
    m_TransformParent: {fileID: 7619979176113255818}
    m_Modifications:
    - target: {fileID: 5909240403221313278, guid: 85d72ffa251464070884b870d8cc4e6f, type: 3}
      propertyPath: m_Name
      value: Cube
      objectReference: {fileID: 0}
    - target: {fileID: 5909240403221313279, guid: 85d72ffa251464070884b870d8cc4e6f, type: 3}
      propertyPath: m_RootOrder
      value: 0
      objectReference: {fileID: 0}
    - target: {fileID: 5909240403221313279, guid: 85d72ffa251464070884b870d8cc4e6f, type: 3}
      propertyPath: m_LocalPosition.x
      value: -1.5
      objectReference: {fileID: 0}
    - target: {fileID: 5909240403221313279, guid: 85d72ffa251464070884b870d8cc4e6f, type: 3}
      propertyPath: m_LocalPosition.y
      value: 0.5
      objectReference: {fileID: 0}
    - target: {fileID: 5909240403221313279, guid: 85d72ffa251464070884b870d8cc4e6f, type: 3}
      propertyPath: m_LocalPosition.z
      value: 0
      objectReference: {fileID: 0}
    - target: {fileID: 5909240403221313279, guid: 85d72ffa251464070884b870d8cc4e6f, type: 3}
      propertyPath: m_LocalRotation.w
      value: 1
      objectReference: {fileID: 0}
    - target: {fileID: 5909240403221313279, guid: 85d72ffa251464070884b870d8cc4e6f, type: 3}
      propertyPath: m_LocalRotation.x
      value: -0
      objectReference: {fileID: 0}
    - target: {fileID: 5909240403221313279, guid: 85d72ffa251464070884b870d8cc4e6f, type: 3}
      propertyPath: m_LocalRotation.y
      value: -0
      objectReference: {fileID: 0}
    - target: {fileID: 5909240403221313279, guid: 85d72ffa251464070884b870d8cc4e6f, type: 3}
      propertyPath: m_LocalRotation.z
      value: -0
      objectReference: {fileID: 0}
    - target: {fileID: 5909240403221313279, guid: 85d72ffa251464070884b870d8cc4e6f, type: 3}
      propertyPath: m_LocalEulerAnglesHint.x
      value: 0
      objectReference: {fileID: 0}
    - target: {fileID: 5909240403221313279, guid: 85d72ffa251464070884b870d8cc4e6f, type: 3}
      propertyPath: m_LocalEulerAnglesHint.y
      value: 0
      objectReference: {fileID: 0}
    - target: {fileID: 5909240403221313279, guid: 85d72ffa251464070884b870d8cc4e6f, type: 3}
      propertyPath: m_LocalEulerAnglesHint.z
      value: 0
      objectReference: {fileID: 0}
    m_RemovedComponents: []
  m_SourcePrefab: {fileID: 100100000, guid: 85d72ffa251464070884b870d8cc4e6f, type: 3}
--- !u!4 &4304962297795541193 stripped
Transform:
  m_CorrespondingSourceObject: {fileID: 5909240403221313279, guid: 85d72ffa251464070884b870d8cc4e6f, type: 3}
  m_PrefabInstance: {fileID: 7619979175875120694}
  m_PrefabAsset: {fileID: 0}
--- !u!1001 &7619979176403514338
PrefabInstance:
  m_ObjectHideFlags: 0
  serializedVersion: 2
  m_Modification:
    m_TransformParent: {fileID: 7619979176113255818}
    m_Modifications:
    - target: {fileID: 5909240403221313277, guid: 85d72ffa251464070884b870d8cc4e6f, type: 3}
      propertyPath: m_Materials.Array.data[0]
      value: 
      objectReference: {fileID: 2100000, guid: 1fee29e4f8f574695a9309d36f8e1568, type: 2}
    - target: {fileID: 5909240403221313278, guid: 85d72ffa251464070884b870d8cc4e6f, type: 3}
      propertyPath: m_Name
      value: Cube (2)
      objectReference: {fileID: 0}
    - target: {fileID: 5909240403221313279, guid: 85d72ffa251464070884b870d8cc4e6f, type: 3}
      propertyPath: m_RootOrder
      value: 2
      objectReference: {fileID: 0}
    - target: {fileID: 5909240403221313279, guid: 85d72ffa251464070884b870d8cc4e6f, type: 3}
      propertyPath: m_LocalPosition.x
      value: -0.5
      objectReference: {fileID: 0}
    - target: {fileID: 5909240403221313279, guid: 85d72ffa251464070884b870d8cc4e6f, type: 3}
      propertyPath: m_LocalPosition.y
      value: -0.5
      objectReference: {fileID: 0}
    - target: {fileID: 5909240403221313279, guid: 85d72ffa251464070884b870d8cc4e6f, type: 3}
      propertyPath: m_LocalPosition.z
      value: 0
      objectReference: {fileID: 0}
    - target: {fileID: 5909240403221313279, guid: 85d72ffa251464070884b870d8cc4e6f, type: 3}
      propertyPath: m_LocalRotation.w
      value: 1
      objectReference: {fileID: 0}
    - target: {fileID: 5909240403221313279, guid: 85d72ffa251464070884b870d8cc4e6f, type: 3}
      propertyPath: m_LocalRotation.x
      value: -0
      objectReference: {fileID: 0}
    - target: {fileID: 5909240403221313279, guid: 85d72ffa251464070884b870d8cc4e6f, type: 3}
      propertyPath: m_LocalRotation.y
      value: -0
      objectReference: {fileID: 0}
    - target: {fileID: 5909240403221313279, guid: 85d72ffa251464070884b870d8cc4e6f, type: 3}
      propertyPath: m_LocalRotation.z
      value: -0
      objectReference: {fileID: 0}
    - target: {fileID: 5909240403221313279, guid: 85d72ffa251464070884b870d8cc4e6f, type: 3}
      propertyPath: m_LocalEulerAnglesHint.x
      value: 0
      objectReference: {fileID: 0}
    - target: {fileID: 5909240403221313279, guid: 85d72ffa251464070884b870d8cc4e6f, type: 3}
      propertyPath: m_LocalEulerAnglesHint.y
      value: 0
      objectReference: {fileID: 0}
    - target: {fileID: 5909240403221313279, guid: 85d72ffa251464070884b870d8cc4e6f, type: 3}
      propertyPath: m_LocalEulerAnglesHint.z
      value: 0
      objectReference: {fileID: 0}
    m_RemovedComponents: []
  m_SourcePrefab: {fileID: 100100000, guid: 85d72ffa251464070884b870d8cc4e6f, type: 3}
--- !u!4 &4304962298323387677 stripped
Transform:
  m_CorrespondingSourceObject: {fileID: 5909240403221313279, guid: 85d72ffa251464070884b870d8cc4e6f, type: 3}
  m_PrefabInstance: {fileID: 7619979176403514338}
  m_PrefabAsset: {fileID: 0}
--- !u!1001 &7619979177062073832
PrefabInstance:
  m_ObjectHideFlags: 0
  serializedVersion: 2
  m_Modification:
    m_TransformParent: {fileID: 7619979176113255818}
    m_Modifications:
    - target: {fileID: 5909240403221313277, guid: 85d72ffa251464070884b870d8cc4e6f, type: 3}
      propertyPath: m_Materials.Array.data[0]
      value: 
      objectReference: {fileID: 2100000, guid: 1fee29e4f8f574695a9309d36f8e1568, type: 2}
    - target: {fileID: 5909240403221313278, guid: 85d72ffa251464070884b870d8cc4e6f, type: 3}
      propertyPath: m_Name
      value: Cube (1)
      objectReference: {fileID: 0}
    - target: {fileID: 5909240403221313279, guid: 85d72ffa251464070884b870d8cc4e6f, type: 3}
      propertyPath: m_RootOrder
      value: 1
      objectReference: {fileID: 0}
    - target: {fileID: 5909240403221313279, guid: 85d72ffa251464070884b870d8cc4e6f, type: 3}
      propertyPath: m_LocalPosition.x
      value: -1.5
      objectReference: {fileID: 0}
    - target: {fileID: 5909240403221313279, guid: 85d72ffa251464070884b870d8cc4e6f, type: 3}
      propertyPath: m_LocalPosition.y
      value: -0.5
      objectReference: {fileID: 0}
    - target: {fileID: 5909240403221313279, guid: 85d72ffa251464070884b870d8cc4e6f, type: 3}
      propertyPath: m_LocalPosition.z
      value: 0
      objectReference: {fileID: 0}
    - target: {fileID: 5909240403221313279, guid: 85d72ffa251464070884b870d8cc4e6f, type: 3}
      propertyPath: m_LocalRotation.w
      value: 1
      objectReference: {fileID: 0}
    - target: {fileID: 5909240403221313279, guid: 85d72ffa251464070884b870d8cc4e6f, type: 3}
      propertyPath: m_LocalRotation.x
      value: -0
      objectReference: {fileID: 0}
    - target: {fileID: 5909240403221313279, guid: 85d72ffa251464070884b870d8cc4e6f, type: 3}
      propertyPath: m_LocalRotation.y
      value: -0
      objectReference: {fileID: 0}
    - target: {fileID: 5909240403221313279, guid: 85d72ffa251464070884b870d8cc4e6f, type: 3}
      propertyPath: m_LocalRotation.z
      value: -0
      objectReference: {fileID: 0}
    - target: {fileID: 5909240403221313279, guid: 85d72ffa251464070884b870d8cc4e6f, type: 3}
      propertyPath: m_LocalEulerAnglesHint.x
      value: 0
      objectReference: {fileID: 0}
    - target: {fileID: 5909240403221313279, guid: 85d72ffa251464070884b870d8cc4e6f, type: 3}
      propertyPath: m_LocalEulerAnglesHint.y
      value: 0
      objectReference: {fileID: 0}
    - target: {fileID: 5909240403221313279, guid: 85d72ffa251464070884b870d8cc4e6f, type: 3}
      propertyPath: m_LocalEulerAnglesHint.z
      value: 0
      objectReference: {fileID: 0}
    - target: {fileID: 8912553204086485996, guid: 85d72ffa251464070884b870d8cc4e6f, type: 3}
      propertyPath: m_IsKinematic
      value: 0
      objectReference: {fileID: 0}
    m_RemovedComponents: []
  m_SourcePrefab: {fileID: 100100000, guid: 85d72ffa251464070884b870d8cc4e6f, type: 3}
--- !u!4 &4304962298990883607 stripped
Transform:
  m_CorrespondingSourceObject: {fileID: 5909240403221313279, guid: 85d72ffa251464070884b870d8cc4e6f, type: 3}
  m_PrefabInstance: {fileID: 7619979177062073832}
  m_PrefabAsset: {fileID: 0}
